@article{山本圭治郎2012,
  title={エアシリンダ式パワーアシストスーツの開発},
  author={山本 圭治郎 and 石井 峰雄 and 兵頭 和人 and 高橋 勝美 and 松尾 崇},
  journal={Dynamics and Design Conference},
  volume={2012},
  number={1},
  pages={610-1 - 610-10},
  year={2012}
}
@article{赤木徹也2007,
  title={ロッドレス型柔軟空気圧シリンダの開発とその応用},
  author={赤木 徹也 and 堂田 周治郎},
  journal={日本機械学会論文集 C編},
  volume={73},
  number={731},
  pages={2108-2114},
  year={2007},
  doi={10.1299/kikaic.73.2108}
}